@inproceedings{jain2014multi,
  title={Multi-class open set recognition using probability of inclusion},
  author={Jain, Lalit P and Scheirer, Walter J and Boult, Terrance E},
  booktitle={European Conference on Computer Vision},
  pages={393--409},
  year={2014},
  organization={Springer}
}





@inproceedings{fei2016breaking,
  title={Breaking the closed world assumption in text classification},
  author={Fei, Geli and Liu, Bing},
  booktitle={Proceedings of the 2016 Conference of the North American Chapter of the Association for Computational Linguistics: Human Language Technologies},
  pages={506--514},
  year={2016}
}



@article{doanbreaking,
  title={Breaking a challenge for text classification in open world recognition},
  author={Doan, Tri and Kalita, Jugal}
    year={2017}

}





@article{shu2017doc,
  title={Doc: Deep open classification of text documents},
  author={Shu, Lei and Xu, Hu and Liu, Bing},
  journal={arXiv preprint arXiv:1709.08716},
  year={2017}
}


@inproceedings{fei2016learning,
  title={Learning cumulatively to become more knowledgeable},
  author={Fei, Geli and Wang, Shuai and Liu, Bing},
  booktitle={Proceedings of the 22nd ACM SIGKDD International Conference on Knowledge Discovery and Data Mining},
  pages={1565--1574},
  year={2016},
  organization={ACM}
}

@article{chen2016lifelong,
  title={Lifelong machine learning},
  author={Chen, Zhiyuan and Liu, Bing},
  journal={Synthesis Lectures on Artificial Intelligence and Machine Learning},
  volume={10},
  number={3},
  pages={1--145},
  year={2016},
  publisher={Morgan \& Claypool Publishers}
}



@article{kim2014convolutional,
  title={Convolutional neural networks for sentence classification},
  author={Kim, Yoon},
  journal={arXiv preprint arXiv:1408.5882},
  year={2014}
}


@misc{rennie200820,
  title={The 20 Newsgroups data set},
  author={Rennie, Jason},
  year={2008},
  publisher={http}
}


@inproceedings{jindal2008opinion,
  title={Opinion spam and analysis},
  author={Jindal, Nitin and Liu, Bing},
  booktitle={Proceedings of the 2008 international conference on web search and data mining},
  pages={219--230},
  year={2008},
  organization={ACM}
}



@inproceedings{chen2014mining,
  title={Mining topics in documents: standing on the shoulders of big data},
  author={Chen, Zhiyuan and Liu, Bing},
  booktitle={Proceedings of the 20th ACM SIGKDD international conference on Knowledge discovery and data mining},
  pages={1116--1125},
  year={2014},
  organization={ACM}
}


@inproceedings{bendale2016towards,
  title={Towards open set deep networks},
  author={Bendale, Abhijit and Boult, Terrance E},
  booktitle={Proceedings of the IEEE conference on computer vision and pattern recognition},
  pages={1563--1572},
  year={2016}
}



@inproceedings{fei2015social,
  title={Social media text classification under negative covariate shift},
  author={Fei, Geli and Liu, Bing},
  booktitle={Proceedings of the 2015 Conference on Empirical Methods in Natural Language Processing},
  pages={2347--2356},
  year={2015}
}


@inproceedings{jindal2008opinion,
  title={Opinion spam and analysis},
  author={Jindal, Nitin and Liu, Bing},
  booktitle={Proceedings of the 2008 international conference on web search and data mining},
  pages={219--230},
  year={2008},
  organization={ACM}
}


@article{shu2018unseen,
  title={Unseen Class Discovery in Open-world Classification},
  author={Shu, Lei and Xu, Hu and Liu, Bing},
  journal={arXiv preprint arXiv:1801.05609},
  year={2018}
}



@article{pan2010survey,
  title={A survey on transfer learning},
  author={Pan, Sinno Jialin and Yang, Qiang and others},
  journal={IEEE Transactions on knowledge and data engineering},
  volume={22},
  number={10},
  pages={1345--1359},
  year={2010},
  publisher={Institute of Electrical and Electronics Engineers, Inc., 345 E. 47 th St. NY NY 10017-2394 USA}
}


@inproceedings{bendale2015towards,
  title={Towards open world recognition},
  author={Bendale, Abhijit and Boult, Terrance},
  booktitle={Proceedings of the IEEE Conference on Computer Vision and Pattern Recognition},
  pages={1893--1902},
  year={2015}
}




@article{mensink2013distance,
  title={Distance-based image classification: Generalizing to new classes at near-zero cost},
  author={Mensink, Thomas and Verbeek, Jakob and Perronnin, Florent and Csurka, Gabriela},
  journal={IEEE transactions on pattern analysis and machine intelligence},
  volume={35},
  number={11},
  pages={2624--2637},
  year={2013},
  publisher={IEEE}
}


@inproceedings{ristin2014incremental,
  title={Incremental learning of NCM forests for large-scale image classification},
  author={Ristin, Marko and Guillaumin, Matthieu and Gall, Juergen and Van Gool, Luc},
  booktitle={Proceedings of the IEEE conference on computer vision and pattern recognition},
  pages={3654--3661},
  year={2014}
}


@article{rocchio1971relevance,
  title={Relevance feedback in information retrieval},
  author={Rocchio, Joseph John},
  journal={The SMART retrieval system: experiments in automatic document processing},
  pages={313--323},
  year={1971},
  publisher={Prentice-Hall Inc.}
}


@inproceedings{scheirer2012multi,
  title={Multi-attribute spaces: Calibration for attribute fusion and similarity search},
  author={Scheirer, Walter J and Kumar, Neeraj and Belhumeur, Peter N and Boult, Terrance E},
  booktitle={Computer Vision and Pattern Recognition (CVPR), 2012 IEEE Conference on},
  pages={2933--2940},
  year={2012},
  organization={IEEE}
}
@article{scheirer2011meta,
  title={Meta-recognition: The theory and practice of recognition score analysis},
  author={Scheirer, Walter J and Rocha, Anderson and Micheals, Ross J and Boult, Terrance E},
  journal={IEEE transactions on pattern analysis and machine intelligence},
  volume={33},
  number={8},
  pages={1689--1695},
  year={2011},
  publisher={IEEE}
}


@article{scheirer2013toward,
  title={Toward open set recognition},
  author={Scheirer, Walter J and de Rezende Rocha, Anderson and Sapkota, Archana and Boult, Terrance E},
  journal={IEEE transactions on pattern analysis and machine intelligence},
  volume={35},
  number={7},
  pages={1757--1772},
  year={2013},
  publisher={IEEE}
}

@article{grudicclassification,
  title={A Classification Framework for Open Set Domains},
  author={Grudic, Greg},
  publisher={Citeseer}
}


@inproceedings{prakhya2017open,
  title={Open Set Text Classification using Convolutional Neural Networks},
  author={Prakhya, Sridhama and Venkataram, Vinodini and Kalita, Jugal},
  booktitle={International Conference on Natural Language Processing, 2017},
  year={2017}
}








@article{pimentel2014review,
  title={A review of novelty detection},
  author={Pimentel, Marco AF and Clifton, David A and Clifton, Lei and Tarassenko, Lionel},
  journal={Signal Processing},
  volume={99},
  pages={215--249},
  year={2014},
  publisher={Elsevier}
}

@article{tarassenko2009novelty,
  title={Novelty detection},
  author={Tarassenko, Lionel and Clifton, D and Bannister, P and King, Steve and King, Dennis},
  journal={Encyclopaedia of structural health monitoring},
  volume={2},
  pages={653--675},
  year={2009},
  publisher={Hoboken, NJ: Wiley}
}

@article{patcha2007overview,
  title={An overview of anomaly detection techniques: Existing solutions and latest technological trends},
  author={Patcha, Animesh and Park, Jung-Min},
  journal={Computer networks},
  volume={51},
  number={12},
  pages={3448--3470},
  year={2007},
  publisher={Elsevier}
}

@article{jyothsna2011review,
  title={A review of anomaly based intrusion detection systems},
  author={Jyothsna, VVRPV and Prasad, VV Rama and Prasad, K Munivara},
  journal={International Journal of Computer Applications},
  volume={28},
  number={7},
  pages={26--35},
  year={2011},
  publisher={International Journal of Computer Applications, 244 5 th Avenue,\# 1526, New York, NY 10001, USA India}
}

@article{zhang2010outlier,
  title={Outlier detection techniques for wireless sensor networks: A survey.},
  author={Zhang, Yang and Meratnia, Nirvana and Havinga, Paul JM},
  journal={IEEE Communications Surveys and Tutorials},
  volume={12},
  number={2},
  pages={159--170},
  year={2010}
}


@article{kulis2009semi,
  title={Semi-supervised graph clustering: a kernel approach},
  author={Kulis, Brian and Basu, Sugato and Dhillon, Inderjit and Mooney, Raymond},
  journal={Machine learning},
  volume={74},
  number={1},
  pages={1--22},
  year={2009},
  publisher={Springer}
}


@article{moya1993one,
  title={One-class classifier networks for target recognition applications},
  author={Moya, Mary M and Koch, Mark W and Hostetler, Larry D},
  journal={NASA STI/Recon Technical Report N},
  volume={93},
  year={1993}
}


@article{tarassenko1995novelty,
  title={Novelty detection for the identification of masses in mammograms},
  author={Tarassenko, Lionel and Hayton, Paul and Cerneaz, Nicholas and Brady, Michael},
  year={1995},
  publisher={IET}
}

@article{bishop1994novelty,
  title={Novelty detection and neural network validation},
  author={Bishop, Christopher M},
  journal={IEE Proceedings-Vision, Image and Signal processing},
  volume={141},
  number={4},
  pages={217--222},
  year={1994},
  publisher={IET}
}

@article{ritter1997outliers,
  title={Outliers in statistical pattern recognition and an application to automatic chromosome classification},
  author={Ritter, Gunter and Gallegos, Mar{\'\i}a Teresa},
  journal={Pattern Recognition Letters},
  volume={18},
  number={6},
  pages={525--539},
  year={1997}
}

@article{chandola2009anomaly,
  title={Anomaly detection: A survey},
  author={Chandola, Varun and Banerjee, Arindam and Kumar, Vipin},
  journal={ACM computing surveys (CSUR)},
  volume={41},
  number={3},
  pages={15},
  year={2009},
  publisher={ACM}
}


@article{chandola2007outlier,
  title={Outlier detection: A survey},
  author={Chandola, Varun and Banerjee, Arindam and Kumar, Vipin},
  journal={ACM Computing Surveys},
  year={2007}
}

@misc{barnett1994outliers,
  title={Outliers in statistical data: Wiley series in probability and statistics},
  author={Barnett, V and Lewis, T},
  year={1994},
  publisher={Chichester, UK: John Wiley \& Sons Ltd}
}

@article{markou2003novelty,
  title={Novelty detection: a review—part 1: statistical approaches},
  author={Markou, Markos and Singh, Sameer},
  journal={Signal processing},
  volume={83},
  number={12},
  pages={2481--2497},
  year={2003},
  publisher={Elsevier}
}



@article{markou2003novelty,
  title={Novelty detection: a review—part 2:: neural network based approaches},
  author={Markou, Markos and Singh, Sameer},
  journal={Signal processing},
  volume={83},
  number={12},
  pages={2499--2521},
  year={2003},
  publisher={Elsevier}
}

@book{duda2012pattern,
  title={Pattern classification},
  author={Duda, Richard O and Hart, Peter E and Stork, David G},
  year={2012},
  publisher={John Wiley \& Sons}
}

@book{bishop1995neural,
  title={Neural networks for pattern recognition},
  author={Bishop, Christopher M and others},
  year={1995},
  publisher={Oxford university press}
}


@article{desforges1998applications,
  title={Applications of probability density estimation to the detection of abnormal conditions in engineering},
  author={Desforges, MJ and Jacob, PJ and Cooper, JE},
  journal={Proceedings of the Institution of Mechanical Engineers, Part C: Journal of Mechanical Engineering Science},
  volume={212},
  number={8},
  pages={687--703},
  year={1998},
  publisher={SAGE Publications Sage UK: London, England}
}

@article{marsland2003novelty,
  title={Novelty detection in learning systems},
  author={Marsland, Stephen},
  journal={Neural computing surveys},
  volume={3},
  number={2},
  pages={157--195},
  year={2003}
}


@article{modenesi2009analysis,
  title={Analysis of time series novelty detection strategies for synthetic and real data},
  author={Modenesi, Andr{\'e} Paoliello and Braga, Ant{\^o}nio P{\'a}dua},
  journal={Neural processing letters},
  volume={30},
  number={1},
  pages={1},
  year={2009},
  publisher={Springer}
}

@article{hodge2004survey,
  title={A survey of outlier detection methodologies},
  author={Hodge, Victoria and Austin, Jim},
  journal={Artificial intelligence review},
  volume={22},
  number={2},
  pages={85--126},
  year={2004},
  publisher={Springer}
}

@article{agyemang2006comprehensive,
  title={A comprehensive survey of numeric and symbolic outlier mining techniques},
  author={Agyemang, Malik and Barker, Ken and Alhajj, Rada},
  journal={Intelligent Data Analysis},
  volume={10},
  number={6},
  pages={521--538},
  year={2006},
  publisher={IOS Press}
}

@inproceedings{japkowicz1995novelty,
  title={A novelty detection approach to classification},
  author={Japkowicz, Nathalie and Myers, Catherine and Gluck, Mark and others},
  booktitle={IJCAI},
  volume={1},
  pages={518--523},
  year={1995}
}


@inproceedings{fawcett1999activity,
  title={Activity monitoring: Noticing interesting changes in behavior},
  author={Fawcett, Tom and Provost, Foster},
  booktitle={Proceedings of the fifth ACM SIGKDD international conference on Knowledge discovery and data mining},
  pages={53--62},
  year={1999},
  organization={ACM}
}


@article{chandola2009anomaly,
  title={Anomaly detection: A survey},
  author={Chandola, Varun and Banerjee, Arindam and Kumar, Vipin},
  journal={ACM computing surveys (CSUR)},
  volume={41},
  number={3},
  pages={15},
  year={2009},
  publisher={ACM}
}


@article{chow1970optimum,
  title={On optimum recognition error and reject tradeoff},
  author={Chow, C},
  journal={IEEE Transactions on information theory},
  volume={16},
  number={1},
  pages={41--46},
  year={1970},
  publisher={IEEE}
}


@inproceedings{ismo2004outlier,
  title={Outlier detection using k-nearest neighbour graph},
  author={Ismo, K and others},
  booktitle={null},
  pages={430--433},
  year={2004},
  organization={IEEE}
}

@article{duda2001pattern,
  title={Pattern classification},
  author={Duda, Richard O and Hart, Peter E and Stork, David G and others},
  journal={International Journal of Computational Intelligence and Applications},
  volume={1},
  pages={335--339},
  year={2001},
  publisher={IMPERIAL COLLEGE PRESS}
}

@article{zhang2006detecting,
  title={Detecting outlying subspaces for high-dimensional data: the new task, algorithms, and performance},
  author={Zhang, Ji and Wang, Hai},
  journal={Knowledge and information systems},
  volume={10},
  number={3},
  pages={333--355},
  year={2006},
  publisher={Springer}
}
@inproceedings{srivastava2005discovering,
  title={Discovering recurring anomalies in text reports regarding complex space systems},
  author={Srivastava, Ashok N and Zane-Ulman, Brett},
  booktitle={Aerospace conference, 2005 IEEE},
  pages={3853--3862},
  year={2005},
  organization={IEEE}
}


@inproceedings{srivastava2006enabling,
  title={Enabling the discovery of recurring anomalies in aerospace problem reports using high-dimensional clustering techniques},
  author={Srivastava, AN},
  booktitle={Aerospace Conference, 2006 IEEE},
  pages={17--pp},
  year={2006},
  organization={IEEE}
}

@article{edgeworth1887xli,
  title={Xli. on discordant observations},
  author={Edgeworth, Francis Ysidro},
  journal={The London, Edinburgh, and Dublin Philosophical Magazine and Journal of Science},
  volume={23},
  number={143},
  pages={364--375},
  year={1887},
  publisher={Taylor \& Francis}
}

@article{chandola2009anomaly,
  title={Anomaly detection: A survey},
  author={Chandola, Varun and Banerjee, Arindam and Kumar, Vipin},
  journal={ACM computing surveys (CSUR)},
  volume={41},
  number={3},
  pages={15},
  year={2009},
  publisher={ACM}
}

@inproceedings{pokrajac2007incremental,
  title={Incremental local outlier detection for data streams},
  author={Pokrajac, Dragoljub and Lazarevic, Aleksandar and Latecki, Longin Jan},
  booktitle={Computational intelligence and data mining, 2007. CIDM 2007. IEEE symposium on},
  pages={504--515},
  year={2007},
  organization={IEEE}
}

@inproceedings{ramezani2008fast,
  title={A fast approach to novelty detection in video streams using recursive density estimation},
  author={Ramezani, Ramin and Angelov, Plamen and Zhou, Xiaowei},
  booktitle={Intelligent Systems, 2008. IS'08. 4th International IEEE Conference},
  volume={2},
  pages={14--2},
  year={2008},
  organization={IEEE}
}


@article{singh2004approach,
  title={An approach to novelty detection applied to the classification of image regions},
  author={Singh, Sameer and Markou, Markos},
  journal={IEEE Transactions on Knowledge and Data Engineering},
  volume={16},
  number={4},
  pages={396--407},
  year={2004},
  publisher={IEEE}
}

@article{markou2006neural,
  title={A neural network-based novelty detector for image sequence analysis},
  author={Markou, Markos and Singh, Sameer},
  journal={IEEE Transactions on Pattern Analysis and Machine Intelligence},
  volume={28},
  number={10},
  pages={1664--1677},
  year={2006},
  publisher={IEEE}
}

@article{yong2012novelty,
  title={Novelty detection in wildlife scenes through semantic context modelling},
  author={Yong, Suet-Peng and Deng, Jeremiah D and Purvis, Martin K},
  journal={Pattern Recognition},
  volume={45},
  number={9},
  pages={3439--3450},
  year={2012},
  publisher={Elsevier}
}

@article{yong2013wildlife,
  title={Wildlife video key-frame extraction based on novelty detection in semantic context},
  author={Yong, Suet-Peng and Deng, Jeremiah D and Purvis, Martin K},
  journal={Multimedia Tools and Applications},
  volume={62},
  number={2},
  pages={359--376},
  year={2013},
  publisher={Springer}
}

@inproceedings{ando2007clustering,
  title={Clustering needles in a haystack: An information theoretic analysis of minority and outlier detection},
  author={Ando, Shin},
  booktitle={icdm},
  pages={13--22},
  year={2007},
  organization={IEEE}
}

@incollection{ertoz2004finding,
  title={Finding topics in collections of documents: A shared nearest neighbor approach},
  author={Ert{\"o}z, Levent and Steinbach, Michael and Kumar, Vipin},
  booktitle={Clustering and Information Retrieval},
  pages={83--103},
  year={2004},
  publisher={Springer}
}

@article{manevitz2007one,
  title={One-class document classification via neural networks},
  author={Manevitz, Larry and Yousef, Malik},
  journal={Neurocomputing},
  volume={70},
  number={7-9},
  pages={1466--1481},
  year={2007},
  publisher={Elsevier}
}

@article{zhuang2006parameter,
  title={Parameter optimization of kernel-based one-class classifier on imbalance learning},
  author={Zhuang, Ling and Dai, Honghua},
  journal={Journal of Computers},
  volume={1},
  number={7},
  pages={32--40},
  year={2006},
  publisher={Citeseer}
}

@inproceedings{zhang2005probabilistic,
  title={A probabilistic model for online document clustering with application to novelty detection},
  author={Zhang, Jian and Ghahramani, Zoubin and Yang, Yiming},
  booktitle={Advances in Neural Information Processing Systems},
  pages={1617--1624},
  year={2005}
}

@inproceedings{basu2004probabilistic,
  title={A probabilistic framework for semi-supervised clustering},
  author={Basu, Sugato and Bilenko, Mikhail and Mooney, Raymond J},
  booktitle={Proceedings of the tenth ACM SIGKDD international conference on Knowledge discovery and data mining},
  pages={59--68},
  year={2004},
  organization={ACM}
}

@inproceedings{lecun1990handwritten,
  title={Handwritten digit recognition with a back-propagation network},
  author={LeCun, Yann and Boser, Bernhard E and Denker, John S and Henderson, Donnie and Howard, Richard E and Hubbard, Wayne E and Jackel, Lawrence D},
  booktitle={Advances in neural information processing systems},
  pages={396--404},
  year={1990}
}

@inproceedings{spence2001detection,
  title={Detection, synthesis and compression in mammographic image analysis with a hierarchical image probability model},
  author={Spence, Clay and Parra, Lucas and Sajda, Paul},
  booktitle={mmbia},
  pages={3},
  year={2001},
  organization={IEEE}
}

@inproceedings{yeung2002parzen,
  title={Parzen-window network intrusion detectors},
  author={Yeung, Dit-Yan and Chow, Calvin},
  booktitle={Object recognition supported by user interaction for service robots},
  volume={4},
  pages={385--388},
  year={2002},
  organization={IEEE}
}